%% LaTeX2e file `references.bib'
%% generated by the `filecontents' environment
%% from source `document' on 2017/02/27.
%%
 % @book{anderson,
 % author = {Anderson, John D.},
 % title = {{Fundamentals of Aerodynamics}},
 % Publisher = {McGraw-Hill},
 % year = {2011},
 % edition = 5,
 %}
 @online{lumped,
  title = {Introduction and Lumped Circuit Abstraction},
  url = {https://6002x.mitx.mit.edu/static/handouts/6002-L1-oei12-gaps.pdf},
  urldate = {2017-01-01},
  author = {MIT},
  organization = {MIT},
 }
 @online{differentiation,
 title = {Sketching a Gradient Function},
 url = {http://maths.nayland.school.nz},
 urldate = {2017-01-01},
 author = {{Nayland College}}
 }
@report{intuition,
 author = {Erik Dane and  Michael Pratt},
 title = {Exploring intuition and its role in managerial decision making},
 institution = {University of Illinois at Urbana-Champaign},
 date = {2007},
}
@report{design,
 author = {Theo Humphries},
 title = {Considering intuition in the context of design, and of psychology},
 institution = {Cardiff Metropolitan University},
 date = {2012},
}
@report{berger,
 author = {Guy Berger},
 title = {Millennials Job-Hop More Than Previous Generations, \& They Aren't Slowing Down},
 institution = {LinkedIn},
 url = {https://www.linkedin.com/pulse/millennials-job-hop-more-than-previous-generations-guy-berger-ph-d-},
 date = {2016},
}
@book{gert,
 author = {Gert Gigerenzer},
 title = {Gut feelings},
 date = {2007},
}
